@article{turing1936a,
  added-at = {2006-07-25T17:37:49.000+0200},
  annote = {Turing's famous demonstration of the formal limits on computation based on a proof that the {\em halting problem} is undecidable.},
  author = {Turing, Alan M.},
  biburl = {https://www.bibsonomy.org/bibtex/2b51d7b5c67fb98e0117bc176ee5fd5cf/jaeschke},
  interhash = {8ac1f5e961ff74849ab6f0c7348b9c9c},
  intrahash = {b51d7b5c67fb98e0117bc176ee5fd5cf},
  journal = {Proceedings of the London Mathematical Society},
  keywords = {numbers halting problem turing computable},
  number = 42,
  pages = {230--265},
  timestamp = {2014-07-28T15:57:31.000+0200},
  title = {On Computable Numbers, with an Application to the {E}ntscheidungsproblem},
  url = {http://www.cs.helsinki.fi/u/gionis/cc05/OnComputableNumbers.pdf},
  volume = 2,
  year = 1936
}

@article{foecc,
    author = {Hufiman, W. and Pless, V.},
    year = {2003},
    month = {01},
    pages = {},
    title = {Fundamentals of Error-Correcting Codes},
    doi = {10.1017/CBO9780511807077}
}

@book{bueso2003algorithmic,
  title={Algorithmic methods in non-commutative algebra: Applications to quantum groups},
  author={Bueso, Jos{\'e} Luis and G{\'o}mez-Torrecillas, Jos{\'e} and Verschoren, Alain},
  volume={17},
  year={2003},
  publisher={Springer Science \& Business Media}
}

@article{algI,
    title={Álgebra {I}, apuntes curso 2019/2020},
    author={G{\'o}mez-Torrecillas, Jos{\'e}},
    url={http://hdl.handle.net/10481/59620}
}

@article{sugi,
    author = {Gómez-Torrecillas, José and Lobillo, F. and Navarro, Gabriel},
    year = {2016},
    month = {07},
    pages = {},
    title = {A Sugiyama-like decoding algorithm for convolutional codes},
    volume = {PP},
    journal = {IEEE Transactions on Information Theory},
    doi = {10.1109/TIT.2017.2731774}
}
