@article{chaussade2009skew,
	Author = {Chaussade, Lionel and Loidreau, Pierre and Ulmer, Felix},
	Date-Added = {2020-09-05 13:13:39 +0200},
	Date-Modified = {2020-09-05 13:13:39 +0200},
	Journal = {Designs, Codes and Cryptography},
	Number = {3},
	Pages = {267--284},
	Publisher = {Springer},
	Title = {Skew codes of prescribed distance or rank},
	Volume = {50},
	Year = {2009}
}

@inproceedings{boucher2009codes,
	Author = {Boucher, Delphine and Ulmer, Felix},
	Booktitle = {IMA International Conference on Cryptography and Coding},
	Date-Added = {2020-09-05 13:13:21 +0200},
	Date-Modified = {2020-09-05 13:13:21 +0200},
	Organization = {Springer},
	Pages = {38--55},
	Title = {Codes as modules over skew polynomial rings},
	Year = {2009}
}

@article{boucher2009coding,
	Author = {Boucher, Delphine and Ulmer, Felix},
	Date-Added = {2020-09-05 13:13:21 +0200},
	Date-Modified = {2020-09-05 13:13:21 +0200},
	Journal = {Journal of Symbolic Computation},
	Number = {12},
	Pages = {1644--1656},
	Publisher = {Elsevier},
	Title = {Coding with skew polynomial rings},
	Volume = {44},
	Year = {2009}
}

@article{boucher2007skew,
	Author = {Boucher, Delphine and Geiselmann, Willi and Ulmer, F{\'e}lix},
	Date-Added = {2020-09-05 13:13:14 +0200},
	Date-Modified = {2020-09-05 13:13:14 +0200},
	Journal = {Applicable Algebra in Engineering, Communication and Computing},
	Number = {4},
	Pages = {379--389},
	Publisher = {Springer},
	Title = {Skew-cyclic codes},
	Volume = {18},
	Year = {2007}
}

@article{Sugiyama_1975,
	Author = {Yasuo Sugiyama and Masao Kasahara and Shigeichi Hirasawa and Toshihiko Namekawa},
	Date-Added = {2020-09-05 12:55:45 +0200},
	Date-Modified = {2020-09-05 13:21:20 +0200},
	Doi = {10.1016/S0019-9958(75)90090-X},
	Journal = {Information and Control},
	Number = {1},
	Pages = {87-99},
	Title = {A method for solving key equation for decoding goppa codes},
	Volume = {27},
	Year = {1975},
	Bdsk-Url-1 = {http://dx.doi.org/10.1016/S0019-9958(75)90090-X}
}

@article{ReedSolomon_1960,
	Author = {Reed, Irving S. and Solomon, Gustave},
	Date-Added = {2020-09-05 12:46:59 +0200},
	Date-Modified = {2020-09-05 12:49:29 +0200},
	Doi = {10.1137/0108018},
	Journal = {Journal of the Society for Industrial and Applied Mathematics},
	Number = {2},
	Pages = {300-304},
	Title = {Polynomial Codes Over Certain Finite Fields},
	Volume = {8},
	Year = {1960}
}

@article{bose1960further,
	Author = {Bose, Raj Chandra and Ray-Chaudhuri, Dwijendra K.},
	Date-Added = {2020-09-05 12:41:31 +0200},
	Date-Modified = {2020-09-05 13:11:19 +0200},
	Journal = {Information and Control},
	Number = {3},
	Pages = {279--290},
	Publisher = {Elsevier},
	Title = {Further results on error correcting binary group codes},
	Volume = {3},
	Year = {1960}
}

@article{hocquenghem1959codes,
	Author = {Hocquenghem, Alexis},
	Date-Added = {2020-09-05 12:40:06 +0200},
	Date-Modified = {2020-09-05 12:40:06 +0200},
	Journal = {Chiffres},
	Number = {2},
	Pages = {147--56},
	Title = {Codes correcteurs d'erreurs},
	Volume = {2},
	Year = {1959}
}

@article{bose1960class,
	Author = {Bose, Raj Chandra and Ray-Chaudhuri, Dwijendra K.},
	Date-Added = {2020-09-05 12:39:56 +0200},
	Date-Modified = {2020-09-05 13:11:08 +0200},
	Journal = {Information and Control},
	Number = {1},
	Pages = {68--79},
	Publisher = {Elsevier},
	Title = {On a class of error correcting binary group codes},
	Volume = {3},
	Year = {1960}
}

@article{Shannon_1948,
	Author = {C. E. {Shannon}},
	Date-Added = {2020-09-05 12:17:33 +0200},
	Date-Modified = {2020-09-05 12:17:51 +0200},
	Journal = {The Bell System Technical Journal},
	Number = {4},
	Pages = {623-656},
	Title = {A mathematical theory of communication},
	Volume = {27},
	Year = {1948}
}

@inproceedings{Gomez_2013,
	Abstract = {The present text surveys some relevant situations and results where basic Module Theory interacts with computational aspects of operator algebras. We tried to keep a balance between constructive and algebraic aspects.},
	Address = {Berlin, Heidelberg},
	Author = {G{\'o}mez-Torrecillas, Jos{\'e}},
	Booktitle = {Algebraic and Algorithmic Aspects of Differential and Integral Operators},
	Date-Added = {2020-09-05 11:28:37 +0200},
	Date-Modified = {2020-09-05 11:28:37 +0200},
	Editor = {Barkatou, Moulay and Cluzeau, Thomas and Regensburger, Georg and Rosenkranz, Markus},
	Isbn = {978-3-642-54479-8},
	Pages = {23--82},
	Publisher = {Springer Berlin Heidelberg},
	Title = {Basic Module Theory over Non-commutative Rings with Computational Aspects of Operator Algebras},
	Year = {2014}
}

@article{gomez-torrecillas_new_2016,
	Author = {G{\'o}mez-Torrecillas, Jos{\'e} and Lobillo, FJ and Navarro, Gabriel},
	Date-Added = {2020-09-05 11:25:25 +0200},
	Date-Modified = {2020-09-05 11:26:42 +0200},
	Journal = {IEEE Transactions on Information Theory},
	Number = {5},
	Pages = {2702--2706},
	Publisher = {IEEE},
	Title = {A New Perspective of Cyclicity in Convolutional Codes},
	Volume = {62},
	Year = {2016}
}

@article{gomez-torrecillas_sugiyama_2016,
	Author = {J. G{\'o}mez-Torrecillas and F. J. Lobillo and G. Navarro},
	Date-Added = {2020-09-05 11:25:25 +0200},
	Date-Modified = {2020-09-05 14:09:55 +0200},
	Doi = {10.1109/TIT.2017.2731774},
	Journal = {{IEEE} Transactions on Information Theory},
	Number = {10},
	Pages = {6216-6226},
	Title = {A {Sugiyama}-like decoding algorithm for convolutional codes},
	Volume = {63},
	Year = {2017},
	Bdsk-Url-1 = {http://dx.doi.org/10.1109/TIT.2017.2731774}
}

@book{bueso2003algorithmic,
	Author = {Bueso, Jos{\'e} Luis and G{\'o}mez-Torrecillas, Jos{\'e} and Verschoren, Alain},
	Date-Added = {2020-09-05 11:20:09 +0200},
	Date-Modified = {2020-09-05 11:20:09 +0200},
	Publisher = {Springer Science \& Business Media},
	Title = {Algorithmic methods in non-commutative algebra: Applications to quantum groups},
	Volume = {17},
	Year = {2003}
}

@article{algI,
	Author = {G{\'o}mez-Torrecillas, Jos{\'e}},
	Date-Added = {2020-09-05 11:20:09 +0200},
	Date-Modified = {2020-09-05 11:20:09 +0200},
	Title = {{\'A}lgebra {I}, apuntes curso 2019/2020},
	Url = {http://hdl.handle.net/10481/59620},
	Bdsk-Url-1 = {http://hdl.handle.net/10481/59620}
}

@book{huffman_fundamentals_2003,
	Author = {Huffman, W. Cary and Pless, Vera},
	Date = {2003},
	Date-Added = {2020-09-05 11:20:09 +0200},
	Date-Modified = {2020-09-05 11:53:24 +0200},
	Doi = {10.1017/CBO9780511807077},
	Isbn = {978-0-511-80707-7},
	Publisher = {Cambridge University Press},
	Title = {Fundamentals of Error-Correcting Codes},
	Url = {http://ebooks.cambridge.org/ref/id/CBO9780511807077},
	Urldate = {2019-10-31},
	Year = {2003},
	Bdsk-Url-1 = {http://ebooks.cambridge.org/ref/id/CBO9780511807077},
	Bdsk-Url-2 = {https://doi.org/10.1017/CBO9780511807077}
}

@article{lam_vandermonde_1988,
	Author = {Lam, T. Y. and Leroy, A.},
	Date-Added = {2020-09-05 11:20:09 +0200},
	Date-Modified = {2020-09-05 11:55:10 +0200},
	Doi = {10.1016/0021-8693(88)90063-4},
	Journal = {Journal of Algebra},
	Number = {2},
	Pages = {308--336},
	Title = {{Vandermonde} and {Wronskian} matrices over division rings},
	Volume = {119},
	Year = {1988}
}

@manual{sagemath,
	Author = {W. A. Stein and others},
	Date-Added = {2015-04-14 08:05:19 +0000},
	Date-Modified = {2020-09-05 13:34:07 +0200},
	Key = {Sage},
	Note = {{\ttfamily http://www.sagemath.org}},
	Organization = {The Sage Development Team},
	Title = {{S}age {M}athematics {S}oftware ({V}ersion 9.1)},
	Year = {2020}
}

@article{Ore_1933,
	Author = {Ore, Oystein},
	Copyright = {Copyright {\copyright} 1933 Annals of Mathematics},
	Issn = {0003486X},
	Journal = {Annals of Mathematics},
	Language = {English},
	Number = {3},
	Pages = {pp. 480-508},
	Publisher = {Annals of Mathematics},
	Series = {Second Series},
	Title = {Theory of Non-Commutative Polynomials},
	Volume = {34},
	Year = {1933}
}

@article{Leroy_1995,
	Abstract = {{Author's summary: The relations between evaluation of Ore polynomials
    and pseudolinear transformations are studied. The behavior of these
    transformations under homomorphisms of Ore extensions, in particular with
    respect to algebraicity, is analyzed leading to characterization of left and
    right primitivity of an Ore extension.\par
Necessary and sufficient conditions are given for algebraic pseudolinear
    transformations to be diagonalizable. Natural notions of $(S,D)$ right and
    left eigenvalues are introduced and sufficient conditions for a matrix to be
    $(S,D)$ diagonalizable are given.}},
	Author = {Leroy, Andr\'e},
	Date-Modified = {2020-09-05 11:56:03 +0200},
	Journal = {Bull. Belg. Math. Soc. - Simon Stevin},
	Number = {3},
	Pages = {321-347},
	Title = {{Pseudo linear transformations and evaluation in Ore extensions.}},
	Volume = {2},
	Year = {1995}
}
