@book{bueso2003algorithmic,
  title={Algorithmic methods in non-commutative algebra: Applications to quantum groups},
  author={Bueso, Jos{\'e} Luis and G{\'o}mez-Torrecillas, Jos{\'e} and Verschoren, Alain},
  volume={17},
  year={2003},
  publisher={Springer Science \& Business Media}
}

@article{algI,
    title={Álgebra {I}, apuntes curso 2019/2020},
    author={G{\'o}mez-Torrecillas, Jos{\'e}},
    url={http://hdl.handle.net/10481/59620}
}

@book{huffman_fundamentals_2003,
	location = {Cambridge},
	title = {Fundamentals of Error-Correcting Codes},
	isbn = {978-0-511-80707-7},
	url = {http://ebooks.cambridge.org/ref/id/CBO9780511807077},
	publisher = {Cambridge University Press},
	author = {Huffman, W. Cary and Pless, Vera},
	urldate = {2019-10-31},
	date = {2003},
	langid = {english},
	doi = {10.1017/CBO9780511807077},
}

@article{lam_vandermonde_1988,
	title = {Vandermonde and Wronskian matrices over division rings},
	volume = {119},
	issn = {00218693},
	url = {https://linkinghub.elsevier.com/retrieve/pii/0021869388900634},
	doi = {10.1016/0021-8693(88)90063-4},
	pages = {308--336},
	number = {2},
	journaltitle = {Journal of Algebra},
	shortjournal = {Journal of Algebra},
	author = {Lam, T.Y and Leroy, A},
	urldate = {2020-06-19},
	date = {1988-12},
	langid = {english}
}

@article{gomez-torrecillas_factoring_2020,
	title = {Factoring Ore Polynomials over Fields I: Mathematical Algorithms},
	author = {Gómez-Torrecillas, José and Lobillo, F. J. and Navarro, Gabriel},
	date = {2020-02-20},
	langid = {english}
}

@article{gomez-torrecillas_new_2016,
	title = {A New Perspective of Cyclicity in Convolutional Codes},
	volume = {62},
	issn = {0018-9448, 1557-9654},
	url = {http://ieeexplore.ieee.org/document/7426408/},
	doi = {10.1109/TIT.2016.2538264},
	pages = {2702--2706},
	number = {5},
	journaltitle = {{IEEE} Transactions on Information Theory},
	shortjournal = {{IEEE} Trans. Inform. Theory},
	author = {Gomez-Torrecillas, Jose and Lobillo, F. J. and Navarro, Gabriel},
	urldate = {2020-06-05},
	date = {2016-05}
}

@article{gomez-torrecillas_sugiyama_2016,
  author    = {Jos{\'{e}} G{\'{o}}mez{-}Torrecillas and
               F. J. Lobillo and
               Gabriel Navarro},
  title     = {A Sugiyama-like decoding algorithm for convolutional codes},
  journal   = {CoRR},
  volume    = {abs/1607.07187},
  year      = {2016},
  url       = {http://arxiv.org/abs/1607.07187},
  archivePrefix = {arXiv},
  eprint    = {1607.07187},
  timestamp = {Mon, 13 Aug 2018 16:46:07 +0200},
  biburl    = {https://dblp.org/rec/journals/corr/Gomez-Torrecillas16.bib},
  bibsource = {dblp computer science bibliography, https://dblp.org}
}
